<record><leader>00000cas a22000007a 4500</leader><controlfield tag="001">10102287</controlfield><controlfield tag="008">831107c19uu9999caudn ne      0   e0chi d</controlfield><datafield ind1=" " ind2=" " tag="010"><subfield code="a">sn 83003483 </subfield></datafield><datafield ind1=" " ind2=" " tag="040"><subfield code="a">NSD</subfield><subfield code="b">eng</subfield><subfield code="c">NSD</subfield><subfield code="d">CNK</subfield><subfield code="d">WAU</subfield><subfield code="d">OCLCQ</subfield><subfield code="d">CUI</subfield><subfield code="d">OCLCQ</subfield></datafield><datafield ind1=" " ind2=" " tag="066"><subfield code="c">$1</subfield></datafield><datafield ind1=" " ind2=" " tag="012"><subfield code="k">1</subfield><subfield code="l">1</subfield><subfield code="m">1</subfield></datafield><datafield ind1="1" ind2=" " tag="022"><subfield code="a">0741-126X</subfield><subfield code="l">0741-126X</subfield><subfield code="2">1</subfield></datafield><datafield ind1=" " ind2=" " tag="032"><subfield code="a">675590</subfield><subfield code="b">USPS</subfield></datafield><datafield ind1=" " ind2=" " tag="037"><subfield code="b">International Publications (USA) Inc., 870 Monterey Pass Rd., Monterey Park, CA 91754</subfield></datafield><datafield ind1=" " ind2=" " tag="042"><subfield code="a">nsdp</subfield></datafield><datafield ind1="1" ind2="4" tag="050"><subfield code="a">AN</subfield></datafield><datafield ind1="0" ind2="4" tag="082"><subfield code="a">050</subfield></datafield><datafield ind1=" " ind2="0" tag="222"><subfield code="6">880-01</subfield><subfield code="a">Guo&#769;ji&#768; ri&#768;ba&#768;o</subfield></datafield><datafield ind1="0" ind2="0" tag="245"><subfield code="6">880-02</subfield><subfield code="a">Guo ji ri bao =</subfield><subfield code="b">International daily news.</subfield></datafield><datafield ind1="3" ind2="1" tag="246"><subfield code="a">International daily news</subfield></datafield><datafield ind1=" " ind2=" " tag="260"><subfield code="6">880-03</subfield><subfield code="a">Monterey Park, CA :</subfield><subfield code="b">Kuo ji ri bao she</subfield></datafield><datafield ind1=" " ind2=" " tag="300"><subfield code="a">v. :</subfield><subfield code="b">ill. ;</subfield><subfield code="c">58 cm.</subfield></datafield><datafield ind1=" " ind2=" " tag="310"><subfield code="a">Daily (except holidays and Chinese New Year),</subfield><subfield code="b">&lt;Aug. 3, 1989-&gt;</subfield></datafield><datafield ind1=" " ind2=" " tag="321"><subfield code="a">Daily (except Sunday/holidays),</subfield><subfield code="b">&lt;Jan. 3, 1983-&gt;</subfield></datafield><datafield ind1=" " ind2=" " tag="588"><subfield code="a">Description based on: No. 355 (Jan. 3, 1983).</subfield></datafield><datafield ind1=" " ind2=" " tag="588"><subfield code="a">Latest issue consulted: 2306 (Aug. 3, 1989).</subfield></datafield><datafield ind1=" " ind2=" " tag="752"><subfield code="a">United States</subfield><subfield code="b">California</subfield><subfield code="c">Los Angeles</subfield><subfield code="d">Monterey Park.</subfield></datafield><datafield ind1="0" ind2=" " tag="770"><subfield code="6">880-04</subfield><subfield code="t">Guo ji zhou bao</subfield><subfield code="x">0741-7012</subfield></datafield><datafield ind1=" " ind2="0" tag="880"><subfield code="6">222-01/$1</subfield><subfield code="a">&#22269;&#38469;&#26085;&#25253;</subfield></datafield><datafield ind1="0" ind2="0" tag="880"><subfield code="6">245-02/$1</subfield><subfield code="a">&#22283;&#38555;&#26085;&#22577; =</subfield><subfield code="b">International daily news.</subfield></datafield><datafield ind1=" " ind2=" " tag="880"><subfield code="6">260-03/$1</subfield><subfield code="a">Monterey Park, CA :</subfield><subfield code="b">&#22283;&#38555;&#26085;&#22577;&#31038;</subfield></datafield><datafield ind1="0" ind2=" " tag="880"><subfield code="6">770-04/$1</subfield><subfield code="t">&#22269;&#38469;&#21608;&#25253;</subfield><subfield code="x">0741-7012</subfield></datafield><datafield ind1="1" ind2=" " tag="029"><subfield code="a">AU@</subfield><subfield code="b">000028532026</subfield></datafield><datafield ind1="1" ind2=" " tag="029"><subfield code="a">AU@</subfield><subfield code="b">000015881344</subfield></datafield></record>